time:15:22:06  message:{'stream': 'Oyz41OAgeCaPpb4KtehNRdvTN5xyNJIn4IxQQVYFObmFd5fGELDtlgRjp8OVn0uz', 'data': {'e': 'ORDER_TRADE_UPDATE', 'T': 1677219726480, 'E': 1677219726485, 'o': {'s': 'BTCUSDT', 'c': 'C7fsKtRTrMcs6Ofaj1NwLx', 'S': 'BUY', 'o': 'LIMIT', 'f': 'GTC', 'q': '0.010', 'p': '23871.80', 'ap': '0', 'sp': '0', 'x': 'NEW', 'X': 'NEW', 'i': 122365752270, 'l': '0', 'z': '0', 'L': '0', 'T': 1677219726480, 't': 0, 'b': '0', 'a': '0', 'm': False, 'R': False, 'wt': 'CONTRACT_PRICE', 'ot': 'LIMIT', 'ps': 'BOTH', 'cp': False, 'rp': '0', 'pP': False, 'si': 0, 'ss': 0}}}
time:15:22:06  message:{'stream': 'Oyz41OAgeCaPpb4KtehNRdvTN5xyNJIn4IxQQVYFObmFd5fGELDtlgRjp8OVn0uz', 'data': {'e': 'ORDER_TRADE_UPDATE', 'T': 1677219726480, 'E': 1677219726485, 'o': {'s': 'BTCUSDT', 'c': 'C7fsKtRTrMcs6Ofaj1NwLx', 'S': 'BUY', 'o': 'LIMIT', 'f': 'GTC', 'q': '0.010', 'p': '23871.80', 'ap': '23848', 'sp': '0', 'x': 'TRADE', 'X': 'FILLED', 'i': 122365752270, 'l': '0.010', 'z': '0.010', 'L': '23848', 'n': '0.09539200', 'N': 'USDT', 'T': 1677219726480, 't': 3331698894, 'b': '0', 'a': '0', 'm': False, 'R': False, 'wt': 'CONTRACT_PRICE', 'ot': 'LIMIT', 'ps': 'BOTH', 'cp': False, 'rp': '0', 'pP': False, 'si': 0, 'ss': 0}}}
time:16:35:10  message:{'stream': 'fL97AU0l0yco2kydigK6QfS8rlZtb3JpCMkV3cRV8A0auOKSwFMPb37wXn85wvbS', 'data': {'e': 'ORDER_TRADE_UPDATE', 'T': 1677224110755, 'E': 1677224110759, 'o': {'s': 'BTCUSDT', 'c': '01xvKAiVbHiCdGcMycTkyP', 'S': 'BUY', 'o': 'LIMIT', 'f': 'GTC', 'q': '0.010', 'p': '23847.40', 'ap': '0', 'sp': '0', 'x': 'NEW', 'X': 'NEW', 'i': 122384218287, 'l': '0', 'z': '0', 'L': '0', 'T': 1677224110755, 't': 0, 'b': '71.54220', 'a': '0', 'm': False, 'R': False, 'wt': 'CONTRACT_PRICE', 'ot': 'LIMIT', 'ps': 'BOTH', 'cp': False, 'rp': '0', 'pP': False, 'si': 0, 'ss': 0}}}
time:16:35:10  message:{'stream': 'fL97AU0l0yco2kydigK6QfS8rlZtb3JpCMkV3cRV8A0auOKSwFMPb37wXn85wvbS', 'data': {'e': 'ORDER_TRADE_UPDATE', 'T': 1677224110755, 'E': 1677224110759, 'o': {'s': 'BTCUSDT', 'c': '01xvKAiVbHiCdGcMycTkyP', 'S': 'BUY', 'o': 'LIMIT', 'f': 'GTC', 'q': '0.010', 'p': '23847.40', 'ap': '23823.60000', 'sp': '0', 'x': 'TRADE', 'X': 'PARTIALLY_FILLED', 'i': 122384218287, 'l': '0.007', 'z': '0.007', 'L': '23823.60', 'n': '0.06670608', 'N': 'USDT', 'T': 1677224110755, 't': 3331841079, 'b': '0', 'a': '0', 'm': False, 'R': False, 'wt': 'CONTRACT_PRICE', 'ot': 'LIMIT', 'ps': 'BOTH', 'cp': False, 'rp': '0', 'pP': False, 'si': 0, 'ss': 0}}}
time:16:35:10  message:{'stream': 'fL97AU0l0yco2kydigK6QfS8rlZtb3JpCMkV3cRV8A0auOKSwFMPb37wXn85wvbS', 'data': {'e': 'ORDER_TRADE_UPDATE', 'T': 1677224110755, 'E': 1677224110760, 'o': {'s': 'BTCUSDT', 'c': '01xvKAiVbHiCdGcMycTkyP', 'S': 'BUY', 'o': 'LIMIT', 'f': 'GTC', 'q': '0.010', 'p': '23847.40', 'ap': '23823.60000', 'sp': '0', 'x': 'TRADE', 'X': 'FILLED', 'i': 122384218287, 'l': '0.003', 'z': '0.010', 'L': '23823.60', 'n': '0.02858832', 'N': 'USDT', 'T': 1677224110755, 't': 3331841080, 'b': '0', 'a': '0', 'm': False, 'R': False, 'wt': 'CONTRACT_PRICE', 'ot': 'LIMIT', 'ps': 'BOTH', 'cp': False, 'rp': '0', 'pP': False, 'si': 0, 'ss': 0}}}
time:20:17:33  message:{'stream': 'hOcmXVw55lrVjGRozHuS8hgsdXISDf1xOSaWgYvw4o8xx2cSfy75OjHYOzSrgTYZ', 'data': {'e': 'ORDER_TRADE_UPDATE', 'T': 1677237454147, 'E': 1677237454157, 'o': {'s': 'BTCUSDT', 'c': 'Oc87NNLwt7zDLEalbBF2JI', 'S': 'SELL', 'o': 'LIMIT', 'f': 'GTC', 'q': '0.010', 'p': '23820.70', 'ap': '0', 'sp': '0', 'x': 'NEW', 'X': 'NEW', 'i': 122440906865, 'l': '0', 'z': '0', 'L': '0', 'T': 1677237454147, 't': 0, 'b': '0', 'a': '0', 'm': False, 'R': False, 'wt': 'CONTRACT_PRICE', 'ot': 'LIMIT', 'ps': 'BOTH', 'cp': False, 'rp': '0', 'pP': False, 'si': 0, 'ss': 0}}}
time:20:17:33  message:{'stream': 'hOcmXVw55lrVjGRozHuS8hgsdXISDf1xOSaWgYvw4o8xx2cSfy75OjHYOzSrgTYZ', 'data': {'e': 'ORDER_TRADE_UPDATE', 'T': 1677237454147, 'E': 1677237454157, 'o': {'s': 'BTCUSDT', 'c': 'Oc87NNLwt7zDLEalbBF2JI', 'S': 'SELL', 'o': 'LIMIT', 'f': 'GTC', 'q': '0.010', 'p': '23820.70', 'ap': '23843.90000', 'sp': '0', 'x': 'TRADE', 'X': 'FILLED', 'i': 122440906865, 'l': '0.010', 'z': '0.010', 'L': '23843.90', 'n': '0.09537560', 'N': 'USDT', 'T': 1677237454147, 't': 3332313081, 'b': '0', 'a': '0', 'm': False, 'R': False, 'wt': 'CONTRACT_PRICE', 'ot': 'LIMIT', 'ps': 'BOTH', 'cp': False, 'rp': '0', 'pP': False, 'si': 0, 'ss': 0}}}
time:20:26:59  message:{'stream': 'hOcmXVw55lrVjGRozHuS8hgsdXISDf1xOSaWgYvw4o8xx2cSfy75OjHYOzSrgTYZ', 'data': {'e': 'ORDER_TRADE_UPDATE', 'T': 1677238020831, 'E': 1677238020834, 'o': {'s': 'BTCUSDT', 'c': 'web_Ds28SbOxRZveTheIbr5N', 'S': 'BUY', 'o': 'LIMIT', 'f': 'GTC', 'q': '0.010', 'p': '23872.40', 'ap': '0', 'sp': '0', 'x': 'NEW', 'X': 'NEW', 'i': 122443424897, 'l': '0', 'z': '0', 'L': '0', 'T': 1677238020831, 't': 0, 'b': '238.72400', 'a': '0', 'm': False, 'R': False, 'wt': 'CONTRACT_PRICE', 'ot': 'LIMIT', 'ps': 'BOTH', 'cp': False, 'rp': '0', 'pP': False, 'si': 0, 'ss': 0}}}
time:20:27:06  message:{'stream': 'hOcmXVw55lrVjGRozHuS8hgsdXISDf1xOSaWgYvw4o8xx2cSfy75OjHYOzSrgTYZ', 'data': {'e': 'ORDER_TRADE_UPDATE', 'T': 1677238027000, 'E': 1677238027003, 'o': {'s': 'BTCUSDT', 'c': 'web_Ds28SbOxRZveTheIbr5N', 'S': 'BUY', 'o': 'LIMIT', 'f': 'GTC', 'q': '0.010', 'p': '23872.40', 'ap': '0', 'sp': '0', 'x': 'CANCELED', 'X': 'CANCELED', 'i': 122443424897, 'l': '0', 'z': '0', 'L': '0', 'T': 1677238027000, 't': 0, 'b': '0', 'a': '0', 'm': False, 'R': False, 'wt': 'CONTRACT_PRICE', 'ot': 'LIMIT', 'ps': 'BOTH', 'cp': False, 'rp': '0', 'pP': False, 'si': 0, 'ss': 0}}}
time:20:27:17  message:{'stream': 'hOcmXVw55lrVjGRozHuS8hgsdXISDf1xOSaWgYvw4o8xx2cSfy75OjHYOzSrgTYZ', 'data': {'e': 'ORDER_TRADE_UPDATE', 'T': 1677238038593, 'E': 1677238038598, 'o': {'s': 'BTCUSDT', 'c': 'web_Ws4Kyt4mshBGPIvzIdtd', 'S': 'SELL', 'o': 'LIMIT', 'f': 'GTC', 'q': '0.010', 'p': '23873.40', 'ap': '0', 'sp': '0', 'x': 'NEW', 'X': 'NEW', 'i': 122443526989, 'l': '0', 'z': '0', 'L': '0', 'T': 1677238038593, 't': 0, 'b': '0', 'a': '214.88220', 'm': False, 'R': False, 'wt': 'CONTRACT_PRICE', 'ot': 'LIMIT', 'ps': 'BOTH', 'cp': False, 'rp': '0', 'pP': False, 'si': 0, 'ss': 0}}}
time:20:27:17  message:{'stream': 'hOcmXVw55lrVjGRozHuS8hgsdXISDf1xOSaWgYvw4o8xx2cSfy75OjHYOzSrgTYZ', 'data': {'e': 'ORDER_TRADE_UPDATE', 'T': 1677238038593, 'E': 1677238038599, 'o': {'s': 'BTCUSDT', 'c': 'web_Ws4Kyt4mshBGPIvzIdtd', 'S': 'SELL', 'o': 'LIMIT', 'f': 'GTC', 'q': '0.010', 'p': '23873.40', 'ap': '23874.30000', 'sp': '0', 'x': 'TRADE', 'X': 'PARTIALLY_FILLED', 'i': 122443526989, 'l': '0.001', 'z': '0.001', 'L': '23874.30', 'n': '0.00954971', 'N': 'USDT', 'T': 1677238038593, 't': 3332333934, 'b': '0', 'a': '191.00640', 'm': False, 'R': False, 'wt': 'CONTRACT_PRICE', 'ot': 'LIMIT', 'ps': 'BOTH', 'cp': False, 'rp': '0', 'pP': False, 'si': 0, 'ss': 0}}}
time:20:27:17  message:{'stream': 'hOcmXVw55lrVjGRozHuS8hgsdXISDf1xOSaWgYvw4o8xx2cSfy75OjHYOzSrgTYZ', 'data': {'e': 'ORDER_TRADE_UPDATE', 'T': 1677238038593, 'E': 1677238038599, 'o': {'s': 'BTCUSDT', 'c': 'web_Ws4Kyt4mshBGPIvzIdtd', 'S': 'SELL', 'o': 'LIMIT', 'f': 'GTC', 'q': '0.010', 'p': '23873.40', 'ap': '23874.30000', 'sp': '0', 'x': 'TRADE', 'X': 'PARTIALLY_FILLED', 'i': 122443526989, 'l': '0.001', 'z': '0.002', 'L': '23874.30', 'n': '0.00954971', 'N': 'USDT', 'T': 1677238038593, 't': 3332333935, 'b': '0', 'a': '0', 'm': False, 'R': False, 'wt': 'CONTRACT_PRICE', 'ot': 'LIMIT', 'ps': 'BOTH', 'cp': False, 'rp': '0', 'pP': False, 'si': 0, 'ss': 0}}}
time:20:27:17  message:{'stream': 'hOcmXVw55lrVjGRozHuS8hgsdXISDf1xOSaWgYvw4o8xx2cSfy75OjHYOzSrgTYZ', 'data': {'e': 'ORDER_TRADE_UPDATE', 'T': 1677238038593, 'E': 1677238038599, 'o': {'s': 'BTCUSDT', 'c': 'web_Ws4Kyt4mshBGPIvzIdtd', 'S': 'SELL', 'o': 'LIMIT', 'f': 'GTC', 'q': '0.010', 'p': '23873.40', 'ap': '23874.30000', 'sp': '0', 'x': 'TRADE', 'X': 'FILLED', 'i': 122443526989, 'l': '0.008', 'z': '0.010', 'L': '23874.30', 'n': '0.07639775', 'N': 'USDT', 'T': 1677238038593, 't': 3332333936, 'b': '0', 'a': '0', 'm': False, 'R': False, 'wt': 'CONTRACT_PRICE', 'ot': 'LIMIT', 'ps': 'BOTH', 'cp': False, 'rp': '0', 'pP': False, 'si': 0, 'ss': 0}}}
time:20:27:35  message:{'stream': 'hOcmXVw55lrVjGRozHuS8hgsdXISDf1xOSaWgYvw4o8xx2cSfy75OjHYOzSrgTYZ', 'data': {'e': 'ORDER_TRADE_UPDATE', 'T': 1677238056713, 'E': 1677238056717, 'o': {'s': 'BTCUSDT', 'c': 'web_KpwdCX3cKVouQLrFqJpU', 'S': 'BUY', 'o': 'LIMIT', 'f': 'GTC', 'q': '0.020', 'p': '23874.70', 'ap': '0', 'sp': '0', 'x': 'NEW', 'X': 'NEW', 'i': 122443590564, 'l': '0', 'z': '0', 'L': '0', 'T': 1677238056713, 't': 0, 'b': '477.49400', 'a': '0', 'm': False, 'R': False, 'wt': 'CONTRACT_PRICE', 'ot': 'LIMIT', 'ps': 'BOTH', 'cp': False, 'rp': '0', 'pP': False, 'si': 0, 'ss': 0}}}
time:20:27:40  message:{'stream': 'hOcmXVw55lrVjGRozHuS8hgsdXISDf1xOSaWgYvw4o8xx2cSfy75OjHYOzSrgTYZ', 'data': {'e': 'ORDER_TRADE_UPDATE', 'T': 1677238061910, 'E': 1677238061914, 'o': {'s': 'BTCUSDT', 'c': 'web_KpwdCX3cKVouQLrFqJpU', 'S': 'BUY', 'o': 'LIMIT', 'f': 'GTC', 'q': '0.020', 'p': '23874.70', 'ap': '0', 'sp': '0', 'x': 'CANCELED', 'X': 'CANCELED', 'i': 122443590564, 'l': '0', 'z': '0', 'L': '0', 'T': 1677238061910, 't': 0, 'b': '0', 'a': '0', 'm': False, 'R': False, 'wt': 'CONTRACT_PRICE', 'ot': 'LIMIT', 'ps': 'BOTH', 'cp': False, 'rp': '0', 'pP': False, 'si': 0, 'ss': 0}}}
time:20:28:03  message:{'stream': 'hOcmXVw55lrVjGRozHuS8hgsdXISDf1xOSaWgYvw4o8xx2cSfy75OjHYOzSrgTYZ', 'data': {'e': 'ORDER_TRADE_UPDATE', 'T': 1677238084682, 'E': 1677238084694, 'o': {'s': 'BTCUSDT', 'c': 'web_g8elEZnrazGRxygHHenf', 'S': 'BUY', 'o': 'LIMIT', 'f': 'GTC', 'q': '0.020', 'p': '23880.10', 'ap': '0', 'sp': '0', 'x': 'NEW', 'X': 'NEW', 'i': 122443687371, 'l': '0', 'z': '0', 'L': '0', 'T': 1677238084682, 't': 0, 'b': '0', 'a': '0', 'm': False, 'R': False, 'wt': 'CONTRACT_PRICE', 'ot': 'LIMIT', 'ps': 'BOTH', 'cp': False, 'rp': '0', 'pP': False, 'si': 0, 'ss': 0}}}
time:20:28:03  message:{'stream': 'hOcmXVw55lrVjGRozHuS8hgsdXISDf1xOSaWgYvw4o8xx2cSfy75OjHYOzSrgTYZ', 'data': {'e': 'ORDER_TRADE_UPDATE', 'T': 1677238084682, 'E': 1677238084694, 'o': {'s': 'BTCUSDT', 'c': 'web_g8elEZnrazGRxygHHenf', 'S': 'BUY', 'o': 'LIMIT', 'f': 'GTC', 'q': '0.020', 'p': '23880.10', 'ap': '23876', 'sp': '0', 'x': 'TRADE', 'X': 'FILLED', 'i': 122443687371, 'l': '0.020', 'z': '0.020', 'L': '23876', 'n': '0.19100800', 'N': 'USDT', 'T': 1677238084682, 't': 3332334824, 'b': '0', 'a': '0', 'm': False, 'R': False, 'wt': 'CONTRACT_PRICE', 'ot': 'LIMIT', 'ps': 'BOTH', 'cp': False, 'rp': '-0.33800000', 'pP': False, 'si': 0, 'ss': 0}}}
time:20:57:10  message:{'stream': 'hOcmXVw55lrVjGRozHuS8hgsdXISDf1xOSaWgYvw4o8xx2cSfy75OjHYOzSrgTYZ', 'data': {'e': 'ORDER_TRADE_UPDATE', 'T': 1677239831294, 'E': 1677239831298, 'o': {'s': 'BTCUSDT', 'c': '4nalZJWKVpI4JNPs8rOoxW', 'S': 'SELL', 'o': 'LIMIT', 'f': 'GTC', 'q': '0.010', 'p': '23852.50', 'ap': '0', 'sp': '0', 'x': 'NEW', 'X': 'NEW', 'i': 122450701868, 'l': '0', 'z': '0', 'L': '0', 'T': 1677239831294, 't': 0, 'b': '0', 'a': '0', 'm': False, 'R': False, 'wt': 'CONTRACT_PRICE', 'ot': 'LIMIT', 'ps': 'BOTH', 'cp': False, 'rp': '0', 'pP': False, 'si': 0, 'ss': 0}}}
time:20:57:10  message:{'stream': 'hOcmXVw55lrVjGRozHuS8hgsdXISDf1xOSaWgYvw4o8xx2cSfy75OjHYOzSrgTYZ', 'data': {'e': 'ORDER_TRADE_UPDATE', 'T': 1677239831294, 'E': 1677239831298, 'o': {'s': 'BTCUSDT', 'c': '4nalZJWKVpI4JNPs8rOoxW', 'S': 'SELL', 'o': 'LIMIT', 'f': 'GTC', 'q': '0.010', 'p': '23852.50', 'ap': '23854.90000', 'sp': '0', 'x': 'TRADE', 'X': 'FILLED', 'i': 122450701868, 'l': '0.010', 'z': '0.010', 'L': '23854.90', 'n': '0.09541960', 'N': 'USDT', 'T': 1677239831294, 't': 3332370584, 'b': '0', 'a': '0', 'm': False, 'R': False, 'wt': 'CONTRACT_PRICE', 'ot': 'LIMIT', 'ps': 'BOTH', 'cp': False, 'rp': '0', 'pP': False, 'si': 0, 'ss': 0}}}
time:21:10:03  message:{'stream': 'hOcmXVw55lrVjGRozHuS8hgsdXISDf1xOSaWgYvw4o8xx2cSfy75OjHYOzSrgTYZ', 'data': {'e': 'ORDER_TRADE_UPDATE', 'T': 1677240604314, 'E': 1677240604319, 'o': {'s': 'BTCUSDT', 'c': 'web_cuh5Ic5eWCOKfnz3dEjw', 'S': 'BUY', 'o': 'MARKET', 'f': 'GTC', 'q': '0.010', 'p': '0', 'ap': '0', 'sp': '0', 'x': 'NEW', 'X': 'NEW', 'i': 122453788583, 'l': '0', 'z': '0', 'L': '0', 'T': 1677240604314, 't': 0, 'b': '0', 'a': '0', 'm': False, 'R': True, 'wt': 'CONTRACT_PRICE', 'ot': 'MARKET', 'ps': 'BOTH', 'cp': False, 'rp': '0', 'pP': False, 'si': 0, 'ss': 0}}}
time:21:10:03  message:{'stream': 'hOcmXVw55lrVjGRozHuS8hgsdXISDf1xOSaWgYvw4o8xx2cSfy75OjHYOzSrgTYZ', 'data': {'e': 'ORDER_TRADE_UPDATE', 'T': 1677240604314, 'E': 1677240604319, 'o': {'s': 'BTCUSDT', 'c': 'web_cuh5Ic5eWCOKfnz3dEjw', 'S': 'BUY', 'o': 'MARKET', 'f': 'GTC', 'q': '0.010', 'p': '0', 'ap': '23921.10000', 'sp': '0', 'x': 'TRADE', 'X': 'FILLED', 'i': 122453788583, 'l': '0.010', 'z': '0.010', 'L': '23921.10', 'n': '0.09568440', 'N': 'USDT', 'T': 1677240604314, 't': 3332397335, 'b': '0', 'a': '0', 'm': False, 'R': True, 'wt': 'CONTRACT_PRICE', 'ot': 'MARKET', 'ps': 'BOTH', 'cp': False, 'rp': '-0.66200000', 'pP': False, 'si': 0, 'ss': 0}}}
time:21:22:27  message:{'stream': 'hOcmXVw55lrVjGRozHuS8hgsdXISDf1xOSaWgYvw4o8xx2cSfy75OjHYOzSrgTYZ', 'data': {'e': 'ORDER_TRADE_UPDATE', 'T': 1677241348786, 'E': 1677241348790, 'o': {'s': 'BTCUSDT', 'c': 'aUAPSkvBhZj616dD6SgNsU', 'S': 'SELL', 'o': 'LIMIT', 'f': 'GTC', 'q': '0.010', 'p': '23886.20', 'ap': '0', 'sp': '0', 'x': 'NEW', 'X': 'NEW', 'i': 122458228663, 'l': '0', 'z': '0', 'L': '0', 'T': 1677241348786, 't': 0, 'b': '0', 'a': '0', 'm': False, 'R': False, 'wt': 'CONTRACT_PRICE', 'ot': 'LIMIT', 'ps': 'BOTH', 'cp': False, 'rp': '0', 'pP': False, 'si': 0, 'ss': 0}}}
time:21:22:27  message:{'stream': 'hOcmXVw55lrVjGRozHuS8hgsdXISDf1xOSaWgYvw4o8xx2cSfy75OjHYOzSrgTYZ', 'data': {'e': 'ORDER_TRADE_UPDATE', 'T': 1677241348786, 'E': 1677241348790, 'o': {'s': 'BTCUSDT', 'c': 'aUAPSkvBhZj616dD6SgNsU', 'S': 'SELL', 'o': 'LIMIT', 'f': 'GTC', 'q': '0.010', 'p': '23886.20', 'ap': '23888.50000', 'sp': '0', 'x': 'TRADE', 'X': 'FILLED', 'i': 122458228663, 'l': '0.010', 'z': '0.010', 'L': '23888.50', 'n': '0.09555400', 'N': 'USDT', 'T': 1677241348786, 't': 3332473347, 'b': '0', 'a': '0', 'm': False, 'R': False, 'wt': 'CONTRACT_PRICE', 'ot': 'LIMIT', 'ps': 'BOTH', 'cp': False, 'rp': '0', 'pP': False, 'si': 0, 'ss': 0}}}
time:21:34:24  message:{'stream': 'hOcmXVw55lrVjGRozHuS8hgsdXISDf1xOSaWgYvw4o8xx2cSfy75OjHYOzSrgTYZ', 'data': {'e': 'ORDER_TRADE_UPDATE', 'T': 1677242065473, 'E': 1677242065477, 'o': {'s': 'BTCUSDT', 'c': 'QP2ZEw9B1nXgcQ91tMY9Nk', 'S': 'BUY', 'o': 'LIMIT', 'f': 'GTC', 'q': '0.010', 'p': '23918.90', 'ap': '0', 'sp': '0', 'x': 'NEW', 'X': 'NEW', 'i': 122461965739, 'l': '0', 'z': '0', 'L': '0', 'T': 1677242065473, 't': 0, 'b': '0', 'a': '0', 'm': False, 'R': False, 'wt': 'CONTRACT_PRICE', 'ot': 'LIMIT', 'ps': 'BOTH', 'cp': False, 'rp': '0', 'pP': False, 'si': 0, 'ss': 0}}}
time:21:34:24  message:{'stream': 'hOcmXVw55lrVjGRozHuS8hgsdXISDf1xOSaWgYvw4o8xx2cSfy75OjHYOzSrgTYZ', 'data': {'e': 'ORDER_TRADE_UPDATE', 'T': 1677242065473, 'E': 1677242065477, 'o': {'s': 'BTCUSDT', 'c': 'QP2ZEw9B1nXgcQ91tMY9Nk', 'S': 'BUY', 'o': 'LIMIT', 'f': 'GTC', 'q': '0.010', 'p': '23918.90', 'ap': '23916.50000', 'sp': '0', 'x': 'TRADE', 'X': 'FILLED', 'i': 122461965739, 'l': '0.010', 'z': '0.010', 'L': '23916.50', 'n': '0.09566600', 'N': 'USDT', 'T': 1677242065473, 't': 3332514121, 'b': '0', 'a': '0', 'm': False, 'R': False, 'wt': 'CONTRACT_PRICE', 'ot': 'LIMIT', 'ps': 'BOTH', 'cp': False, 'rp': '-0.28000000', 'pP': False, 'si': 0, 'ss': 0}}}
time:21:45:04  message:{'stream': 'hOcmXVw55lrVjGRozHuS8hgsdXISDf1xOSaWgYvw4o8xx2cSfy75OjHYOzSrgTYZ', 'data': {'e': 'ORDER_TRADE_UPDATE', 'T': 1677242704865, 'E': 1677242704870, 'o': {'s': 'BTCUSDT', 'c': '7zXaW9cZ99Rzqnskd0QWbu', 'S': 'SELL', 'o': 'LIMIT', 'f': 'GTC', 'q': '0.010', 'p': '23880.50', 'ap': '0', 'sp': '0', 'x': 'NEW', 'X': 'NEW', 'i': 122464737973, 'l': '0', 'z': '0', 'L': '0', 'T': 1677242704865, 't': 0, 'b': '0', 'a': '238.89100', 'm': False, 'R': False, 'wt': 'CONTRACT_PRICE', 'ot': 'LIMIT', 'ps': 'BOTH', 'cp': False, 'rp': '0', 'pP': False, 'si': 0, 'ss': 0}}}
time:21:45:04  message:{'stream': 'hOcmXVw55lrVjGRozHuS8hgsdXISDf1xOSaWgYvw4o8xx2cSfy75OjHYOzSrgTYZ', 'data': {'e': 'ORDER_TRADE_UPDATE', 'T': 1677242705168, 'E': 1677242705173, 'o': {'s': 'BTCUSDT', 'c': 'Y8Kifk2fshOJTzDMkVjBYv', 'S': 'SELL', 'o': 'LIMIT', 'f': 'GTC', 'q': '0.010', 'p': '23877.50', 'ap': '0', 'sp': '0', 'x': 'NEW', 'X': 'NEW', 'i': 122464741742, 'l': '0', 'z': '0', 'L': '0', 'T': 1677242705168, 't': 0, 'b': '0', 'a': '477.73040', 'm': False, 'R': False, 'wt': 'CONTRACT_PRICE', 'ot': 'LIMIT', 'ps': 'BOTH', 'cp': False, 'rp': '0', 'pP': False, 'si': 0, 'ss': 0}}}
time:21:45:04  message:{'stream': 'hOcmXVw55lrVjGRozHuS8hgsdXISDf1xOSaWgYvw4o8xx2cSfy75OjHYOzSrgTYZ', 'data': {'e': 'ORDER_TRADE_UPDATE', 'T': 1677242705325, 'E': 1677242705329, 'o': {'s': 'BTCUSDT', 'c': 'S3nPbze65D4mR7pdejVWIG', 'S': 'SELL', 'o': 'LIMIT', 'f': 'GTC', 'q': '0.010', 'p': '23871.40', 'ap': '0', 'sp': '0', 'x': 'NEW', 'X': 'NEW', 'i': 122464743846, 'l': '0', 'z': '0', 'L': '0', 'T': 1677242705325, 't': 0, 'b': '0', 'a': '477.73040', 'm': False, 'R': False, 'wt': 'CONTRACT_PRICE', 'ot': 'LIMIT', 'ps': 'BOTH', 'cp': False, 'rp': '0', 'pP': False, 'si': 0, 'ss': 0}}}
time:21:45:04  message:{'stream': 'hOcmXVw55lrVjGRozHuS8hgsdXISDf1xOSaWgYvw4o8xx2cSfy75OjHYOzSrgTYZ', 'data': {'e': 'ORDER_TRADE_UPDATE', 'T': 1677242705325, 'E': 1677242705329, 'o': {'s': 'BTCUSDT', 'c': 'S3nPbze65D4mR7pdejVWIG', 'S': 'SELL', 'o': 'LIMIT', 'f': 'GTC', 'q': '0.010', 'p': '23871.40', 'ap': '23874.60000', 'sp': '0', 'x': 'TRADE', 'X': 'FILLED', 'i': 122464743846, 'l': '0.010', 'z': '0.010', 'L': '23874.60', 'n': '0.09549840', 'N': 'USDT', 'T': 1677242705325, 't': 3332537283, 'b': '0', 'a': '477.73040', 'm': False, 'R': False, 'wt': 'CONTRACT_PRICE', 'ot': 'LIMIT', 'ps': 'BOTH', 'cp': False, 'rp': '0', 'pP': False, 'si': 0, 'ss': 0}}}
time:21:45:04  message:{'stream': 'hOcmXVw55lrVjGRozHuS8hgsdXISDf1xOSaWgYvw4o8xx2cSfy75OjHYOzSrgTYZ', 'data': {'e': 'ORDER_TRADE_UPDATE', 'T': 1677242705372, 'E': 1677242705377, 'o': {'s': 'BTCUSDT', 'c': 'Y8Kifk2fshOJTzDMkVjBYv', 'S': 'SELL', 'o': 'LIMIT', 'f': 'GTC', 'q': '0.010', 'p': '23877.50', 'ap': '23877.50000', 'sp': '0', 'x': 'TRADE', 'X': 'FILLED', 'i': 122464741742, 'l': '0.010', 'z': '0.010', 'L': '23877.50', 'n': '0.04775500', 'N': 'USDT', 'T': 1677242705372, 't': 3332537299, 'b': '0', 'a': '238.89099', 'm': True, 'R': False, 'wt': 'CONTRACT_PRICE', 'ot': 'LIMIT', 'ps': 'BOTH', 'cp': False, 'rp': '0', 'pP': False, 'si': 0, 'ss': 0}}}
time:21:45:07  message:{'stream': 'hOcmXVw55lrVjGRozHuS8hgsdXISDf1xOSaWgYvw4o8xx2cSfy75OjHYOzSrgTYZ', 'data': {'e': 'ORDER_TRADE_UPDATE', 'T': 1677242708576, 'E': 1677242708579, 'o': {'s': 'BTCUSDT', 'c': '7zXaW9cZ99Rzqnskd0QWbu', 'S': 'SELL', 'o': 'LIMIT', 'f': 'GTC', 'q': '0.010', 'p': '23880.50', 'ap': '23880.50000', 'sp': '0', 'x': 'TRADE', 'X': 'FILLED', 'i': 122464737973, 'l': '0.010', 'z': '0.010', 'L': '23880.50', 'n': '0.04776100', 'N': 'USDT', 'T': 1677242708576, 't': 3332537540, 'b': '0', 'a': '0', 'm': True, 'R': False, 'wt': 'CONTRACT_PRICE', 'ot': 'LIMIT', 'ps': 'BOTH', 'cp': False, 'rp': '0', 'pP': False, 'si': 0, 'ss': 0}}}
time:21:51:21  message:{'stream': 'hOcmXVw55lrVjGRozHuS8hgsdXISDf1xOSaWgYvw4o8xx2cSfy75OjHYOzSrgTYZ', 'data': {'e': 'ORDER_TRADE_UPDATE', 'T': 1677243082604, 'E': 1677243082610, 'o': {'s': 'BTCUSDT', 'c': 'web_awubWEnIvPzpbY2wTPL5', 'S': 'BUY', 'o': 'MARKET', 'f': 'GTC', 'q': '0.030', 'p': '0', 'ap': '0', 'sp': '0', 'x': 'NEW', 'X': 'NEW', 'i': 122466414895, 'l': '0', 'z': '0', 'L': '0', 'T': 1677243082604, 't': 0, 'b': '0', 'a': '0', 'm': False, 'R': True, 'wt': 'CONTRACT_PRICE', 'ot': 'MARKET', 'ps': 'BOTH', 'cp': False, 'rp': '0', 'pP': False, 'si': 0, 'ss': 0}}}
time:21:51:21  message:{'stream': 'hOcmXVw55lrVjGRozHuS8hgsdXISDf1xOSaWgYvw4o8xx2cSfy75OjHYOzSrgTYZ', 'data': {'e': 'ORDER_TRADE_UPDATE', 'T': 1677243082604, 'E': 1677243082610, 'o': {'s': 'BTCUSDT', 'c': 'web_awubWEnIvPzpbY2wTPL5', 'S': 'BUY', 'o': 'MARKET', 'f': 'GTC', 'q': '0.030', 'p': '0', 'ap': '23864.40000', 'sp': '0', 'x': 'TRADE', 'X': 'FILLED', 'i': 122466414895, 'l': '0.030', 'z': '0.030', 'L': '23864.40', 'n': '0.28637280', 'N': 'USDT', 'T': 1677243082604, 't': 3332558384, 'b': '0', 'a': '0', 'm': False, 'R': True, 'wt': 'CONTRACT_PRICE', 'ot': 'MARKET', 'ps': 'BOTH', 'cp': False, 'rp': '0.39399999', 'pP': False, 'si': 0, 'ss': 0}}}
time:21:55:16  message:{'stream': 'hOcmXVw55lrVjGRozHuS8hgsdXISDf1xOSaWgYvw4o8xx2cSfy75OjHYOzSrgTYZ', 'data': {'e': 'ORDER_TRADE_UPDATE', 'T': 1677243317908, 'E': 1677243317913, 'o': {'s': 'BTCUSDT', 'c': '8QHG3rLJdyetC0jMdJWKIa', 'S': 'SELL', 'o': 'LIMIT', 'f': 'GTC', 'q': '0.010', 'p': '23855.60', 'ap': '0', 'sp': '0', 'x': 'NEW', 'X': 'NEW', 'i': 122467160988, 'l': '0', 'z': '0', 'L': '0', 'T': 1677243317908, 't': 0, 'b': '0', 'a': '190.92640', 'm': False, 'R': False, 'wt': 'CONTRACT_PRICE', 'ot': 'LIMIT', 'ps': 'BOTH', 'cp': False, 'rp': '0', 'pP': False, 'si': 0, 'ss': 0}}}
time:21:55:16  message:{'stream': 'hOcmXVw55lrVjGRozHuS8hgsdXISDf1xOSaWgYvw4o8xx2cSfy75OjHYOzSrgTYZ', 'data': {'e': 'ORDER_TRADE_UPDATE', 'T': 1677243317908, 'E': 1677243317913, 'o': {'s': 'BTCUSDT', 'c': '8QHG3rLJdyetC0jMdJWKIa', 'S': 'SELL', 'o': 'LIMIT', 'f': 'GTC', 'q': '0.010', 'p': '23855.60', 'ap': '23858', 'sp': '0', 'x': 'TRADE', 'X': 'PARTIALLY_FILLED', 'i': 122467160988, 'l': '0.002', 'z': '0.002', 'L': '23858', 'n': '0.01908640', 'N': 'USDT', 'T': 1677243317908, 't': 3332564258, 'b': '0', 'a': '0', 'm': False, 'R': False, 'wt': 'CONTRACT_PRICE', 'ot': 'LIMIT', 'ps': 'BOTH', 'cp': False, 'rp': '0', 'pP': False, 'si': 0, 'ss': 0}}}
time:21:55:16  message:{'stream': 'hOcmXVw55lrVjGRozHuS8hgsdXISDf1xOSaWgYvw4o8xx2cSfy75OjHYOzSrgTYZ', 'data': {'e': 'ORDER_TRADE_UPDATE', 'T': 1677243317908, 'E': 1677243317913, 'o': {'s': 'BTCUSDT', 'c': '8QHG3rLJdyetC0jMdJWKIa', 'S': 'SELL', 'o': 'LIMIT', 'f': 'GTC', 'q': '0.010', 'p': '23855.60', 'ap': '23858', 'sp': '0', 'x': 'TRADE', 'X': 'FILLED', 'i': 122467160988, 'l': '0.008', 'z': '0.010', 'L': '23858', 'n': '0.07634560', 'N': 'USDT', 'T': 1677243317908, 't': 3332564259, 'b': '0', 'a': '0', 'm': False, 'R': False, 'wt': 'CONTRACT_PRICE', 'ot': 'LIMIT', 'ps': 'BOTH', 'cp': False, 'rp': '0', 'pP': False, 'si': 0, 'ss': 0}}}
time:22:00:25  message:{'stream': 'hOcmXVw55lrVjGRozHuS8hgsdXISDf1xOSaWgYvw4o8xx2cSfy75OjHYOzSrgTYZ', 'data': {'e': 'ORDER_TRADE_UPDATE', 'T': 1677243626754, 'E': 1677243626759, 'o': {'s': 'BTCUSDT', 'c': 'SyPKx5ZaszxgmO5wh2Ls06', 'S': 'BUY', 'o': 'LIMIT', 'f': 'GTC', 'q': '0.010', 'p': '23887.60', 'ap': '0', 'sp': '0', 'x': 'NEW', 'X': 'NEW', 'i': 122468480843, 'l': '0', 'z': '0', 'L': '0', 'T': 1677243626754, 't': 0, 'b': '0', 'a': '0', 'm': False, 'R': False, 'wt': 'CONTRACT_PRICE', 'ot': 'LIMIT', 'ps': 'BOTH', 'cp': False, 'rp': '0', 'pP': False, 'si': 0, 'ss': 0}}}
time:22:00:25  message:{'stream': 'hOcmXVw55lrVjGRozHuS8hgsdXISDf1xOSaWgYvw4o8xx2cSfy75OjHYOzSrgTYZ', 'data': {'e': 'ORDER_TRADE_UPDATE', 'T': 1677243626754, 'E': 1677243626759, 'o': {'s': 'BTCUSDT', 'c': 'SyPKx5ZaszxgmO5wh2Ls06', 'S': 'BUY', 'o': 'LIMIT', 'f': 'GTC', 'q': '0.010', 'p': '23887.60', 'ap': '23885.60000', 'sp': '0', 'x': 'TRADE', 'X': 'FILLED', 'i': 122468480843, 'l': '0.010', 'z': '0.010', 'L': '23885.60', 'n': '0.09554240', 'N': 'USDT', 'T': 1677243626754, 't': 3332574283, 'b': '0', 'a': '0', 'm': False, 'R': False, 'wt': 'CONTRACT_PRICE', 'ot': 'LIMIT', 'ps': 'BOTH', 'cp': False, 'rp': '-0.27600000', 'pP': False, 'si': 0, 'ss': 0}}}
time:22:04:49  message:{'stream': 'hOcmXVw55lrVjGRozHuS8hgsdXISDf1xOSaWgYvw4o8xx2cSfy75OjHYOzSrgTYZ', 'data': {'e': 'ORDER_TRADE_UPDATE', 'T': 1677243890627, 'E': 1677243890630, 'o': {'s': 'BTCUSDT', 'c': 'xFS1ayUsyMwOY4L87ORX6b', 'S': 'SELL', 'o': 'LIMIT', 'f': 'GTC', 'q': '0.010', 'p': '23853.80', 'ap': '0', 'sp': '0', 'x': 'NEW', 'X': 'NEW', 'i': 122469534651, 'l': '0', 'z': '0', 'L': '0', 'T': 1677243890627, 't': 0, 'b': '0', 'a': '0', 'm': False, 'R': False, 'wt': 'CONTRACT_PRICE', 'ot': 'LIMIT', 'ps': 'BOTH', 'cp': False, 'rp': '0', 'pP': False, 'si': 0, 'ss': 0}}}
time:22:04:49  message:{'stream': 'hOcmXVw55lrVjGRozHuS8hgsdXISDf1xOSaWgYvw4o8xx2cSfy75OjHYOzSrgTYZ', 'data': {'e': 'ORDER_TRADE_UPDATE', 'T': 1677243890627, 'E': 1677243890630, 'o': {'s': 'BTCUSDT', 'c': 'xFS1ayUsyMwOY4L87ORX6b', 'S': 'SELL', 'o': 'LIMIT', 'f': 'GTC', 'q': '0.010', 'p': '23853.80', 'ap': '23856.10000', 'sp': '0', 'x': 'TRADE', 'X': 'FILLED', 'i': 122469534651, 'l': '0.010', 'z': '0.010', 'L': '23856.10', 'n': '0.09542440', 'N': 'USDT', 'T': 1677243890627, 't': 3332581679, 'b': '0', 'a': '0', 'm': False, 'R': False, 'wt': 'CONTRACT_PRICE', 'ot': 'LIMIT', 'ps': 'BOTH', 'cp': False, 'rp': '0', 'pP': False, 'si': 0, 'ss': 0}}}
time:22:26:16  message:{'stream': 'hOcmXVw55lrVjGRozHuS8hgsdXISDf1xOSaWgYvw4o8xx2cSfy75OjHYOzSrgTYZ', 'data': {'e': 'ORDER_TRADE_UPDATE', 'T': 1677245177827, 'E': 1677245177832, 'o': {'s': 'BTCUSDT', 'c': 'gPxhXQv4CUBoR5sXdD1Qce', 'S': 'BUY', 'o': 'LIMIT', 'f': 'GTC', 'q': '0.010', 'p': '23887.40', 'ap': '0', 'sp': '0', 'x': 'NEW', 'X': 'NEW', 'i': 122475628845, 'l': '0', 'z': '0', 'L': '0', 'T': 1677245177827, 't': 0, 'b': '0', 'a': '0', 'm': False, 'R': False, 'wt': 'CONTRACT_PRICE', 'ot': 'LIMIT', 'ps': 'BOTH', 'cp': False, 'rp': '0', 'pP': False, 'si': 0, 'ss': 0}}}
time:22:26:16  message:{'stream': 'hOcmXVw55lrVjGRozHuS8hgsdXISDf1xOSaWgYvw4o8xx2cSfy75OjHYOzSrgTYZ', 'data': {'e': 'ORDER_TRADE_UPDATE', 'T': 1677245177827, 'E': 1677245177832, 'o': {'s': 'BTCUSDT', 'c': 'gPxhXQv4CUBoR5sXdD1Qce', 'S': 'BUY', 'o': 'LIMIT', 'f': 'GTC', 'q': '0.010', 'p': '23887.40', 'ap': '23885', 'sp': '0', 'x': 'TRADE', 'X': 'FILLED', 'i': 122475628845, 'l': '0.010', 'z': '0.010', 'L': '23885', 'n': '0.09554000', 'N': 'USDT', 'T': 1677245177827, 't': 3332625669, 'b': '0', 'a': '0', 'm': False, 'R': False, 'wt': 'CONTRACT_PRICE', 'ot': 'LIMIT', 'ps': 'BOTH', 'cp': False, 'rp': '-0.28900000', 'pP': False, 'si': 0, 'ss': 0}}}
time:22:50:38  message:{'stream': 'hOcmXVw55lrVjGRozHuS8hgsdXISDf1xOSaWgYvw4o8xx2cSfy75OjHYOzSrgTYZ', 'data': {'e': 'ORDER_TRADE_UPDATE', 'T': 1677246639659, 'E': 1677246639664, 'o': {'s': 'BTCUSDT', 'c': 'EowsqOV84oCmYiFFiclaOu', 'S': 'SELL', 'o': 'LIMIT', 'f': 'GTC', 'q': '0.010', 'p': '23727.50', 'ap': '0', 'sp': '0', 'x': 'NEW', 'X': 'NEW', 'i': 122486617336, 'l': '0', 'z': '0', 'L': '0', 'T': 1677246639659, 't': 0, 'b': '0', 'a': '0', 'm': False, 'R': False, 'wt': 'CONTRACT_PRICE', 'ot': 'LIMIT', 'ps': 'BOTH', 'cp': False, 'rp': '0', 'pP': False, 'si': 0, 'ss': 0}}}
time:22:50:38  message:{'stream': 'hOcmXVw55lrVjGRozHuS8hgsdXISDf1xOSaWgYvw4o8xx2cSfy75OjHYOzSrgTYZ', 'data': {'e': 'ORDER_TRADE_UPDATE', 'T': 1677246639659, 'E': 1677246639664, 'o': {'s': 'BTCUSDT', 'c': 'EowsqOV84oCmYiFFiclaOu', 'S': 'SELL', 'o': 'LIMIT', 'f': 'GTC', 'q': '0.010', 'p': '23727.50', 'ap': '23729.80000', 'sp': '0', 'x': 'TRADE', 'X': 'FILLED', 'i': 122486617336, 'l': '0.010', 'z': '0.010', 'L': '23729.80', 'n': '0.09491920', 'N': 'USDT', 'T': 1677246639659, 't': 3332901512, 'b': '0', 'a': '0', 'm': False, 'R': False, 'wt': 'CONTRACT_PRICE', 'ot': 'LIMIT', 'ps': 'BOTH', 'cp': False, 'rp': '0', 'pP': False, 'si': 0, 'ss': 0}}}
